<record><leader>00000cas a22000007a 4500</leader><controlfield tag="001">11665308</controlfield><controlfield tag="008">850206d19711973mtudn ne      0    0eng d</controlfield><datafield ind1=" " ind2=" " tag="010"><subfield code="a">sn 85053036 </subfield></datafield><datafield ind1=" " ind2=" " tag="040"><subfield code="a">MTL</subfield><subfield code="b">eng</subfield><subfield code="c">MTL</subfield><subfield code="d">OCLCQ</subfield></datafield><datafield ind1=" " ind2=" " tag="042"><subfield code="a">msc</subfield></datafield><datafield ind1="0" ind2="0" tag="245"><subfield code="a">Daily tribune-examiner.</subfield></datafield><datafield ind1=" " ind2=" " tag="260"><subfield code="a">Dillon, Mont. :</subfield><subfield code="b">W.L. Finefrock,</subfield><subfield code="c">1971-1973.</subfield></datafield><datafield ind1=" " ind2=" " tag="300"><subfield code="a">3 v. :</subfield><subfield code="b">ill. ;</subfield><subfield code="c">51-54 cm.</subfield></datafield><datafield ind1=" " ind2=" " tag="310"><subfield code="a">Daily (except Sat. &amp; Sun.)</subfield></datafield><datafield ind1="0" ind2=" " tag="362"><subfield code="a">Vol. 87, no. 47 (Mar. 10, 1971)-v. 89, no. 228 (Nov. 30, 1973).</subfield></datafield><datafield ind1=" " ind2=" " tag="752"><subfield code="a">United States</subfield><subfield code="b">Montana</subfield><subfield code="c">Beaverhead</subfield><subfield code="d">Dillon.</subfield></datafield><datafield ind1="0" ind2="0" tag="780"><subfield code="t">Dillon daily tribune-examiner</subfield><subfield code="w">(DLC)sn 85053035</subfield></datafield><datafield ind1="0" ind2="0" tag="785"><subfield code="t">Tribune-examiner</subfield><subfield code="w">(DLC)sn 85053037</subfield></datafield></record>